%YAML 1.1
%TAG !u! tag:unity3d.com,2011:
--- !u!1 &2453869494567142842
GameObject:
  m_ObjectHideFlags: 0
  m_CorrespondingSourceObject: {fileID: 0}
  m_PrefabInstance: {fileID: 0}
  m_PrefabAsset: {fileID: 0}
  serializedVersion: 6
  m_Component:
  - component: {fileID: 6069636388588415545}
  - component: {fileID: 6085000584428582571}
  m_Layer: 0
  m_Name: Wall (1)
  m_TagString: Untagged
  m_Icon: {fileID: 0}
  m_NavMeshLayer: 0
  m_StaticEditorFlags: 0
  m_IsActive: 1
--- !u!4 &6069636388588415545
Transform:
  m_ObjectHideFlags: 0
  m_CorrespondingSourceObject: {fileID: 0}
  m_PrefabInstance: {fileID: 0}
  m_PrefabAsset: {fileID: 0}
  m_GameObject: {fileID: 2453869494567142842}
  m_LocalRotation: {x: -0, y: -0, z: -0, w: 1}
  m_LocalPosition: {x: 2.295, y: 3.676, z: 0}
  m_LocalScale: {x: 1, y: 1, z: 1}
  m_Children: []
  m_Father: {fileID: 4988538703854284661}
  m_RootOrder: 5
  m_LocalEulerAnglesHint: {x: 0, y: 0, z: 0}
--- !u!61 &6085000584428582571
BoxCollider2D:
  m_ObjectHideFlags: 0
  m_CorrespondingSourceObject: {fileID: 0}
  m_PrefabInstance: {fileID: 0}
  m_PrefabAsset: {fileID: 0}
  m_GameObject: {fileID: 2453869494567142842}
  m_Enabled: 1
  m_Density: 1
  m_Material: {fileID: 6200000, guid: de9bc5f2686991b418540035a645b815, type: 2}
  m_IsTrigger: 0
  m_UsedByEffector: 0
  m_UsedByComposite: 0
  m_Offset: {x: 0, y: 0}
  m_SpriteTilingProperty:
    border: {x: 0, y: 0, z: 0, w: 0}
    pivot: {x: 0, y: 0}
    oldSize: {x: 0, y: 0}
    newSize: {x: 0, y: 0}
    adaptiveTilingThreshold: 0
    drawMode: 0
    adaptiveTiling: 0
  m_AutoTiling: 0
  serializedVersion: 2
  m_Size: {x: 1.75, y: 0.3}
  m_EdgeRadius: 0
--- !u!1 &4443676945409695757
GameObject:
  m_ObjectHideFlags: 0
  m_CorrespondingSourceObject: {fileID: 0}
  m_PrefabInstance: {fileID: 0}
  m_PrefabAsset: {fileID: 0}
  serializedVersion: 6
  m_Component:
  - component: {fileID: 2708514557792904212}
  - component: {fileID: 3716371793413080707}
  - component: {fileID: 2752139581560997960}
  m_Layer: 0
  m_Name: Exit
  m_TagString: Exit
  m_Icon: {fileID: 0}
  m_NavMeshLayer: 0
  m_StaticEditorFlags: 0
  m_IsActive: 1
--- !u!4 &2708514557792904212
Transform:
  m_ObjectHideFlags: 0
  m_CorrespondingSourceObject: {fileID: 0}
  m_PrefabInstance: {fileID: 0}
  m_PrefabAsset: {fileID: 0}
  m_GameObject: {fileID: 4443676945409695757}
  m_LocalRotation: {x: -0, y: -0, z: -0, w: 1}
  m_LocalPosition: {x: 0.852, y: 3.6750324, z: -0.2709961}
  m_LocalScale: {x: 3.5, y: 1, z: 1}
  m_Children: []
  m_Father: {fileID: 4988538703854284661}
  m_RootOrder: 6
  m_LocalEulerAnglesHint: {x: 0, y: 0, z: 0}
--- !u!212 &3716371793413080707
SpriteRenderer:
  m_ObjectHideFlags: 0
  m_CorrespondingSourceObject: {fileID: 0}
  m_PrefabInstance: {fileID: 0}
  m_PrefabAsset: {fileID: 0}
  m_GameObject: {fileID: 4443676945409695757}
  m_Enabled: 1
  m_CastShadows: 0
  m_ReceiveShadows: 0
  m_DynamicOccludee: 1
  m_MotionVectors: 1
  m_LightProbeUsage: 1
  m_ReflectionProbeUsage: 1
  m_RayTracingMode: 0
  m_RenderingLayerMask: 1
  m_RendererPriority: 0
  m_Materials:
  - {fileID: 10754, guid: 0000000000000000f000000000000000, type: 0}
  m_StaticBatchInfo:
    firstSubMesh: 0
    subMeshCount: 0
  m_StaticBatchRoot: {fileID: 0}
  m_ProbeAnchor: {fileID: 0}
  m_LightProbeVolumeOverride: {fileID: 0}
  m_ScaleInLightmap: 1
  m_ReceiveGI: 1
  m_PreserveUVs: 0
  m_IgnoreNormalsForChartDetection: 0
  m_ImportantGI: 0
  m_StitchLightmapSeams: 1
  m_SelectedEditorRenderState: 0
  m_MinimumChartSize: 4
  m_AutoUVMaxDistance: 0.5
  m_AutoUVMaxAngle: 89
  m_LightmapParameters: {fileID: 0}
  m_SortingLayerID: 0
  m_SortingLayer: 0
  m_SortingOrder: 0
  m_Sprite: {fileID: 21300000, guid: 92d8b2be881de354986c29b61f9458d5, type: 3}
  m_Color: {r: 0, g: 1, b: 0.9932432, a: 0.83137256}
  m_FlipX: 0
  m_FlipY: 0
  m_DrawMode: 0
  m_Size: {x: 0.32, y: 0.32}
  m_AdaptiveModeThreshold: 0.5
  m_SpriteTileMode: 0
  m_WasSpriteAssigned: 1
  m_MaskInteraction: 0
  m_SpriteSortPoint: 0
--- !u!61 &2752139581560997960
BoxCollider2D:
  m_ObjectHideFlags: 0
  m_CorrespondingSourceObject: {fileID: 0}
  m_PrefabInstance: {fileID: 0}
  m_PrefabAsset: {fileID: 0}
  m_GameObject: {fileID: 4443676945409695757}
  m_Enabled: 1
  m_Density: 1
  m_Material: {fileID: 0}
  m_IsTrigger: 1
  m_UsedByEffector: 0
  m_UsedByComposite: 0
  m_Offset: {x: 0, y: 0.24}
  m_SpriteTilingProperty:
    border: {x: 0, y: 0, z: 0, w: 0}
    pivot: {x: 0.5, y: 0.5}
    oldSize: {x: 0.32, y: 0.32}
    newSize: {x: 0.32, y: 0.32}
    adaptiveTilingThreshold: 0.5
    drawMode: 0
    adaptiveTiling: 0
  m_AutoTiling: 0
  serializedVersion: 2
  m_Size: {x: 0.32, y: 0.3}
  m_EdgeRadius: 0
--- !u!1 &8033022252294275356
GameObject:
  m_ObjectHideFlags: 0
  m_CorrespondingSourceObject: {fileID: 0}
  m_PrefabInstance: {fileID: 0}
  m_PrefabAsset: {fileID: 0}
  serializedVersion: 6
  m_Component:
  - component: {fileID: 4988538703854284661}
  m_Layer: 0
  m_Name: Level2
  m_TagString: Untagged
  m_Icon: {fileID: 0}
  m_NavMeshLayer: 0
  m_StaticEditorFlags: 0
  m_IsActive: 1
--- !u!4 &4988538703854284661
Transform:
  m_ObjectHideFlags: 0
  m_CorrespondingSourceObject: {fileID: 0}
  m_PrefabInstance: {fileID: 0}
  m_PrefabAsset: {fileID: 0}
  m_GameObject: {fileID: 8033022252294275356}
  m_LocalRotation: {x: 0, y: 0, z: 0, w: 1}
  m_LocalPosition: {x: 0, y: 0, z: 0}
  m_LocalScale: {x: 1, y: 1, z: 1}
  m_Children:
  - {fileID: 8290201024955154240}
  - {fileID: 4297890326066374667}
  - {fileID: 4153859613834035173}
  - {fileID: 4393125312747981061}
  - {fileID: 2752390042820796518}
  - {fileID: 6069636388588415545}
  - {fileID: 2708514557792904212}
  m_Father: {fileID: 0}
  m_RootOrder: 0
  m_LocalEulerAnglesHint: {x: 0, y: 0, z: 0}
--- !u!1 &8801172207686472344
GameObject:
  m_ObjectHideFlags: 0
  m_CorrespondingSourceObject: {fileID: 0}
  m_PrefabInstance: {fileID: 0}
  m_PrefabAsset: {fileID: 0}
  serializedVersion: 6
  m_Component:
  - component: {fileID: 2752390042820796518}
  - component: {fileID: 1982266459214796973}
  m_Layer: 0
  m_Name: Wall
  m_TagString: Untagged
  m_Icon: {fileID: 0}
  m_NavMeshLayer: 0
  m_StaticEditorFlags: 0
  m_IsActive: 1
--- !u!4 &2752390042820796518
Transform:
  m_ObjectHideFlags: 0
  m_CorrespondingSourceObject: {fileID: 0}
  m_PrefabInstance: {fileID: 0}
  m_PrefabAsset: {fileID: 0}
  m_GameObject: {fileID: 8801172207686472344}
  m_LocalRotation: {x: -0, y: -0, z: -0, w: 1}
  m_LocalPosition: {x: -0.584, y: 3.676, z: 0}
  m_LocalScale: {x: 1, y: 1, z: 1}
  m_Children: []
  m_Father: {fileID: 4988538703854284661}
  m_RootOrder: 4
  m_LocalEulerAnglesHint: {x: 0, y: 0, z: 0}
--- !u!61 &1982266459214796973
BoxCollider2D:
  m_ObjectHideFlags: 0
  m_CorrespondingSourceObject: {fileID: 0}
  m_PrefabInstance: {fileID: 0}
  m_PrefabAsset: {fileID: 0}
  m_GameObject: {fileID: 8801172207686472344}
  m_Enabled: 1
  m_Density: 1
  m_Material: {fileID: 6200000, guid: de9bc5f2686991b418540035a645b815, type: 2}
  m_IsTrigger: 0
  m_UsedByEffector: 0
  m_UsedByComposite: 0
  m_Offset: {x: 0, y: 0}
  m_SpriteTilingProperty:
    border: {x: 0, y: 0, z: 0, w: 0}
    pivot: {x: 0, y: 0}
    oldSize: {x: 0, y: 0}
    newSize: {x: 0, y: 0}
    adaptiveTilingThreshold: 0
    drawMode: 0
    adaptiveTiling: 0
  m_AutoTiling: 0
  serializedVersion: 2
  m_Size: {x: 1.75, y: 0.3}
  m_EdgeRadius: 0
--- !u!1001 &1780935437222320591
PrefabInstance:
  m_ObjectHideFlags: 0
  serializedVersion: 2
  m_Modification:
    m_TransformParent: {fileID: 4988538703854284661}
    m_Modifications:
    - target: {fileID: 2527094585311408580, guid: 504931e1467d8f34f8c0f88f1e54edd1,
        type: 3}
      propertyPath: m_LocalPosition.x
      value: 0.24
      objectReference: {fileID: 0}
    - target: {fileID: 2527094585311408580, guid: 504931e1467d8f34f8c0f88f1e54edd1,
        type: 3}
      propertyPath: m_LocalPosition.y
      value: 2.33
      objectReference: {fileID: 0}
    - target: {fileID: 2527094585311408580, guid: 504931e1467d8f34f8c0f88f1e54edd1,
        type: 3}
      propertyPath: m_LocalPosition.z
      value: 0
      objectReference: {fileID: 0}
    - target: {fileID: 2527094585311408580, guid: 504931e1467d8f34f8c0f88f1e54edd1,
        type: 3}
      propertyPath: m_LocalRotation.x
      value: 0
      objectReference: {fileID: 0}
    - target: {fileID: 2527094585311408580, guid: 504931e1467d8f34f8c0f88f1e54edd1,
        type: 3}
      propertyPath: m_LocalRotation.y
      value: 0
      objectReference: {fileID: 0}
    - target: {fileID: 2527094585311408580, guid: 504931e1467d8f34f8c0f88f1e54edd1,
        type: 3}
      propertyPath: m_LocalRotation.z
      value: 0
      objectReference: {fileID: 0}
    - target: {fileID: 2527094585311408580, guid: 504931e1467d8f34f8c0f88f1e54edd1,
        type: 3}
      propertyPath: m_LocalRotation.w
      value: 1
      objectReference: {fileID: 0}
    - target: {fileID: 2527094585311408580, guid: 504931e1467d8f34f8c0f88f1e54edd1,
        type: 3}
      propertyPath: m_RootOrder
      value: 1
      objectReference: {fileID: 0}
    - target: {fileID: 2527094585311408580, guid: 504931e1467d8f34f8c0f88f1e54edd1,
        type: 3}
      propertyPath: m_LocalEulerAnglesHint.x
      value: 0
      objectReference: {fileID: 0}
    - target: {fileID: 2527094585311408580, guid: 504931e1467d8f34f8c0f88f1e54edd1,
        type: 3}
      propertyPath: m_LocalEulerAnglesHint.y
      value: 0
      objectReference: {fileID: 0}
    - target: {fileID: 2527094585311408580, guid: 504931e1467d8f34f8c0f88f1e54edd1,
        type: 3}
      propertyPath: m_LocalEulerAnglesHint.z
      value: 0
      objectReference: {fileID: 0}
    - target: {fileID: 2527094585311408584, guid: 504931e1467d8f34f8c0f88f1e54edd1,
        type: 3}
      propertyPath: m_Name
      value: Pawn Red (1)
      objectReference: {fileID: 0}
    m_RemovedComponents: []
  m_SourcePrefab: {fileID: 100100000, guid: 504931e1467d8f34f8c0f88f1e54edd1, type: 3}
--- !u!4 &4297890326066374667 stripped
Transform:
  m_CorrespondingSourceObject: {fileID: 2527094585311408580, guid: 504931e1467d8f34f8c0f88f1e54edd1,
    type: 3}
  m_PrefabInstance: {fileID: 1780935437222320591}
  m_PrefabAsset: {fileID: 0}
--- !u!1001 &1925133179646610977
PrefabInstance:
  m_ObjectHideFlags: 0
  serializedVersion: 2
  m_Modification:
    m_TransformParent: {fileID: 4988538703854284661}
    m_Modifications:
    - target: {fileID: 2527094585311408580, guid: 504931e1467d8f34f8c0f88f1e54edd1,
        type: 3}
      propertyPath: m_LocalPosition.x
      value: -1.42
      objectReference: {fileID: 0}
    - target: {fileID: 2527094585311408580, guid: 504931e1467d8f34f8c0f88f1e54edd1,
        type: 3}
      propertyPath: m_LocalPosition.y
      value: 1.95
      objectReference: {fileID: 0}
    - target: {fileID: 2527094585311408580, guid: 504931e1467d8f34f8c0f88f1e54edd1,
        type: 3}
      propertyPath: m_LocalPosition.z
      value: 0
      objectReference: {fileID: 0}
    - target: {fileID: 2527094585311408580, guid: 504931e1467d8f34f8c0f88f1e54edd1,
        type: 3}
      propertyPath: m_LocalRotation.x
      value: 0
      objectReference: {fileID: 0}
    - target: {fileID: 2527094585311408580, guid: 504931e1467d8f34f8c0f88f1e54edd1,
        type: 3}
      propertyPath: m_LocalRotation.y
      value: 0
      objectReference: {fileID: 0}
    - target: {fileID: 2527094585311408580, guid: 504931e1467d8f34f8c0f88f1e54edd1,
        type: 3}
      propertyPath: m_LocalRotation.z
      value: 0
      objectReference: {fileID: 0}
    - target: {fileID: 2527094585311408580, guid: 504931e1467d8f34f8c0f88f1e54edd1,
        type: 3}
      propertyPath: m_LocalRotation.w
      value: 1
      objectReference: {fileID: 0}
    - target: {fileID: 2527094585311408580, guid: 504931e1467d8f34f8c0f88f1e54edd1,
        type: 3}
      propertyPath: m_RootOrder
      value: 2
      objectReference: {fileID: 0}
    - target: {fileID: 2527094585311408580, guid: 504931e1467d8f34f8c0f88f1e54edd1,
        type: 3}
      propertyPath: m_LocalEulerAnglesHint.x
      value: 0
      objectReference: {fileID: 0}
    - target: {fileID: 2527094585311408580, guid: 504931e1467d8f34f8c0f88f1e54edd1,
        type: 3}
      propertyPath: m_LocalEulerAnglesHint.y
      value: 0
      objectReference: {fileID: 0}
    - target: {fileID: 2527094585311408580, guid: 504931e1467d8f34f8c0f88f1e54edd1,
        type: 3}
      propertyPath: m_LocalEulerAnglesHint.z
      value: 0
      objectReference: {fileID: 0}
    - target: {fileID: 2527094585311408584, guid: 504931e1467d8f34f8c0f88f1e54edd1,
        type: 3}
      propertyPath: m_Name
      value: Pawn Red (2)
      objectReference: {fileID: 0}
    m_RemovedComponents: []
  m_SourcePrefab: {fileID: 100100000, guid: 504931e1467d8f34f8c0f88f1e54edd1, type: 3}
--- !u!4 &4153859613834035173 stripped
Transform:
  m_CorrespondingSourceObject: {fileID: 2527094585311408580, guid: 504931e1467d8f34f8c0f88f1e54edd1,
    type: 3}
  m_PrefabInstance: {fileID: 1925133179646610977}
  m_PrefabAsset: {fileID: 0}
--- !u!1001 &2298400487605696705
PrefabInstance:
  m_ObjectHideFlags: 0
  serializedVersion: 2
  m_Modification:
    m_TransformParent: {fileID: 4988538703854284661}
    m_Modifications:
    - target: {fileID: 2527094585311408580, guid: 504931e1467d8f34f8c0f88f1e54edd1,
        type: 3}
      propertyPath: m_LocalPosition.x
      value: -1.14
      objectReference: {fileID: 0}
    - target: {fileID: 2527094585311408580, guid: 504931e1467d8f34f8c0f88f1e54edd1,
        type: 3}
      propertyPath: m_LocalPosition.y
      value: 2.94
      objectReference: {fileID: 0}
    - target: {fileID: 2527094585311408580, guid: 504931e1467d8f34f8c0f88f1e54edd1,
        type: 3}
      propertyPath: m_LocalPosition.z
      value: 0
      objectReference: {fileID: 0}
    - target: {fileID: 2527094585311408580, guid: 504931e1467d8f34f8c0f88f1e54edd1,
        type: 3}
      propertyPath: m_LocalRotation.x
      value: 0
      objectReference: {fileID: 0}
    - target: {fileID: 2527094585311408580, guid: 504931e1467d8f34f8c0f88f1e54edd1,
        type: 3}
      propertyPath: m_LocalRotation.y
      value: 0
      objectReference: {fileID: 0}
    - target: {fileID: 2527094585311408580, guid: 504931e1467d8f34f8c0f88f1e54edd1,
        type: 3}
      propertyPath: m_LocalRotation.z
      value: 0
      objectReference: {fileID: 0}
    - target: {fileID: 2527094585311408580, guid: 504931e1467d8f34f8c0f88f1e54edd1,
        type: 3}
      propertyPath: m_LocalRotation.w
      value: 1
      objectReference: {fileID: 0}
    - target: {fileID: 2527094585311408580, guid: 504931e1467d8f34f8c0f88f1e54edd1,
        type: 3}
      propertyPath: m_RootOrder
      value: 3
      objectReference: {fileID: 0}
    - target: {fileID: 2527094585311408580, guid: 504931e1467d8f34f8c0f88f1e54edd1,
        type: 3}
      propertyPath: m_LocalEulerAnglesHint.x
      value: 0
      objectReference: {fileID: 0}
    - target: {fileID: 2527094585311408580, guid: 504931e1467d8f34f8c0f88f1e54edd1,
        type: 3}
      propertyPath: m_LocalEulerAnglesHint.y
      value: 0
      objectReference: {fileID: 0}
    - target: {fileID: 2527094585311408580, guid: 504931e1467d8f34f8c0f88f1e54edd1,
        type: 3}
      propertyPath: m_LocalEulerAnglesHint.z
      value: 0
      objectReference: {fileID: 0}
    - target: {fileID: 2527094585311408584, guid: 504931e1467d8f34f8c0f88f1e54edd1,
        type: 3}
      propertyPath: m_Name
      value: Pawn Red (3)
      objectReference: {fileID: 0}
    m_RemovedComponents: []
  m_SourcePrefab: {fileID: 100100000, guid: 504931e1467d8f34f8c0f88f1e54edd1, type: 3}
--- !u!4 &4393125312747981061 stripped
Transform:
  m_CorrespondingSourceObject: {fileID: 2527094585311408580, guid: 504931e1467d8f34f8c0f88f1e54edd1,
    type: 3}
  m_PrefabInstance: {fileID: 2298400487605696705}
  m_PrefabAsset: {fileID: 0}
--- !u!1001 &5773261549112872580
PrefabInstance:
  m_ObjectHideFlags: 0
  serializedVersion: 2
  m_Modification:
    m_TransformParent: {fileID: 4988538703854284661}
    m_Modifications:
    - target: {fileID: 2527094585311408580, guid: 504931e1467d8f34f8c0f88f1e54edd1,
        type: 3}
      propertyPath: m_LocalPosition.x
      value: -1.34
      objectReference: {fileID: 0}
    - target: {fileID: 2527094585311408580, guid: 504931e1467d8f34f8c0f88f1e54edd1,
        type: 3}
      propertyPath: m_LocalPosition.y
      value: 0.71
      objectReference: {fileID: 0}
    - target: {fileID: 2527094585311408580, guid: 504931e1467d8f34f8c0f88f1e54edd1,
        type: 3}
      propertyPath: m_LocalPosition.z
      value: 0
      objectReference: {fileID: 0}
    - target: {fileID: 2527094585311408580, guid: 504931e1467d8f34f8c0f88f1e54edd1,
        type: 3}
      propertyPath: m_LocalRotation.x
      value: 0
      objectReference: {fileID: 0}
    - target: {fileID: 2527094585311408580, guid: 504931e1467d8f34f8c0f88f1e54edd1,
        type: 3}
      propertyPath: m_LocalRotation.y
      value: 0
      objectReference: {fileID: 0}
    - target: {fileID: 2527094585311408580, guid: 504931e1467d8f34f8c0f88f1e54edd1,
        type: 3}
      propertyPath: m_LocalRotation.z
      value: 0
      objectReference: {fileID: 0}
    - target: {fileID: 2527094585311408580, guid: 504931e1467d8f34f8c0f88f1e54edd1,
        type: 3}
      propertyPath: m_LocalRotation.w
      value: 1
      objectReference: {fileID: 0}
    - target: {fileID: 2527094585311408580, guid: 504931e1467d8f34f8c0f88f1e54edd1,
        type: 3}
      propertyPath: m_RootOrder
      value: 0
      objectReference: {fileID: 0}
    - target: {fileID: 2527094585311408580, guid: 504931e1467d8f34f8c0f88f1e54edd1,
        type: 3}
      propertyPath: m_LocalEulerAnglesHint.x
      value: 0
      objectReference: {fileID: 0}
    - target: {fileID: 2527094585311408580, guid: 504931e1467d8f34f8c0f88f1e54edd1,
        type: 3}
      propertyPath: m_LocalEulerAnglesHint.y
      value: 0
      objectReference: {fileID: 0}
    - target: {fileID: 2527094585311408580, guid: 504931e1467d8f34f8c0f88f1e54edd1,
        type: 3}
      propertyPath: m_LocalEulerAnglesHint.z
      value: 0
      objectReference: {fileID: 0}
    - target: {fileID: 2527094585311408584, guid: 504931e1467d8f34f8c0f88f1e54edd1,
        type: 3}
      propertyPath: m_Name
      value: Pawn Red
      objectReference: {fileID: 0}
    m_RemovedComponents: []
  m_SourcePrefab: {fileID: 100100000, guid: 504931e1467d8f34f8c0f88f1e54edd1, type: 3}
--- !u!4 &8290201024955154240 stripped
Transform:
  m_CorrespondingSourceObject: {fileID: 2527094585311408580, guid: 504931e1467d8f34f8c0f88f1e54edd1,
    type: 3}
  m_PrefabInstance: {fileID: 5773261549112872580}
  m_PrefabAsset: {fileID: 0}
